{
  "financials": {
    "symbol": "CRNC",
    "financials": [
      {
        "date": "2024-09-30",
        "Revenue": "331504000",
        "Revenue Growth": "",
        "Cost of Revenue": "87232000",
        "Gross Profit": "244272000",
        "R&D Expenses": "121563000",
        "SG&A Expense": "74193000",
        "Operating Expenses": "824208000",
        "Operating Income": "-579936000",
        "Interest Expense": "12553000",
        "Earnings before Tax": "-584610000",
        "Income Tax Expense": "3468000",
        "Net Income - Non-Controlling int": "",
        "Net Income - Discontinued ops": "",
        "Net Income": "-588078000",
        "Preferred Dividends": "",
        "Net Income Com": "-588078000",
        "EPS": "-14.12",
        "EPS Diluted": "-14.12",
        "Weighted Average Shs Out": "41642000",
        "Weighted Average Shs Out (Dil)": "41642000",
        "Dividend per Share": "",
        "Gross Margin": "0.7368598871",
        "EBITDA Margin": "-1.6935753415",
        "EBIT Margin": "",
        "Profit Margin": "-1.7494087552",
        "Free Cash Flow margin": "",
        "EBITDA": "-561427000",
        "EBIT": "-579936000",
        "Consolidated Income": "",
        "Earnings Before Tax Margin": "-1.7635081326",
        "Net Profit Margin": "-1.7739695449"
      },
      {
        "date": "2023-09-30",
        "Revenue": "294475000",
        "Revenue Growth": "",
        "Cost of Revenue": "95163000",
        "Gross Profit": "199312000",
        "R&D Expenses": "123333000",
        "SG&A Expense": "85407000",
        "Operating Expenses": "226925000",
        "Operating Income": "-27199000",
        "Interest Expense": "14769000",
        "Earnings before Tax": "-36389000",
        "Income Tax Expense": "19865000",
        "Net Income - Non-Controlling int": "",
        "Net Income - Discontinued ops": "",
        "Net Income": "-56254000",
        "Preferred Dividends": "",
        "Net Income Com": "-56254000",
        "EPS": "-1.4",
        "EPS Diluted": "-1.4",
        "Weighted Average Shs Out": "40215000",
        "Weighted Average Shs Out (Dil)": "40215000",
        "Dividend per Share": "",
        "Gross Margin": "0.6768384413",
        "EBITDA Margin": "-0.0189557687",
        "EBIT Margin": "",
        "Profit Margin": "-0.0923643773",
        "Free Cash Flow margin": "",
        "EBITDA": "-5582000",
        "EBIT": "-27199000",
        "Consolidated Income": "",
        "Earnings Before Tax Margin": "-0.1235724595",
        "Net Profit Margin": "-0.1910314967"
      },
      {
        "date": "2022-09-30",
        "Revenue": "327891000",
        "Revenue Growth": "",
        "Cost of Revenue": "97168000",
        "Gross Profit": "230723000",
        "R&D Expenses": "107116000",
        "SG&A Expense": "73751000",
        "Operating Expenses": "192383000",
        "Operating Income": "38328000",
        "Interest Expense": "14394000",
        "Earnings before Tax": "-198751000",
        "Income Tax Expense": "112075000",
        "Net Income - Non-Controlling int": "",
        "Net Income - Discontinued ops": "",
        "Net Income": "-310826000",
        "Preferred Dividends": "",
        "Net Income Com": "-310826000",
        "EPS": "-7.93",
        "EPS Diluted": "-7.93",
        "Weighted Average Shs Out": "39187000",
        "Weighted Average Shs Out (Dil)": "39187000",
        "Dividend per Share": "",
        "Gross Margin": "0.7036576179",
        "EBITDA Margin": "0.1899015222",
        "EBIT Margin": "",
        "Profit Margin": "0.1168925039",
        "Free Cash Flow margin": "",
        "EBITDA": "-160417999",
        "EBIT": "38328000",
        "Consolidated Income": "",
        "Earnings Before Tax Margin": "-0.6061496046",
        "Net Profit Margin": "-0.9479552656"
      },
      {
        "date": "2021-09-30",
        "Revenue": "387182000",
        "Revenue Growth": "",
        "Cost of Revenue": "101074000",
        "Gross Profit": "286108000",
        "R&D Expenses": "112070000",
        "SG&A Expense": "95662000",
        "Operating Expenses": "220422000",
        "Operating Income": "60594000",
        "Interest Expense": "13997000",
        "Earnings before Tax": "48269000",
        "Income Tax Expense": "2376000",
        "Net Income - Non-Controlling int": "",
        "Net Income - Discontinued ops": "",
        "Net Income": "45893000",
        "Preferred Dividends": "",
        "Net Income Com": "45893000",
        "EPS": "1.22",
        "EPS Diluted": "1.17",
        "Weighted Average Shs Out": "37752000",
        "Weighted Average Shs Out (Dil)": "39289000",
        "Dividend per Share": "",
        "Gross Margin": "0.7389496413",
        "EBITDA Margin": "0.2505772479",
        "EBIT Margin": "",
        "Profit Margin": "0.1565000439",
        "Free Cash Flow margin": "",
        "EBITDA": "91927000",
        "EBIT": "60594000",
        "Consolidated Income": "",
        "Earnings Before Tax Margin": "0.124667469",
        "Net Profit Margin": "0.1185308201"
      },
      {
        "date": "2020-09-30",
        "Revenue": "329646000",
        "Revenue Growth": "",
        "Cost of Revenue": "107851000",
        "Gross Profit": "221795000",
        "R&D Expenses": "88899000",
        "SG&A Expense": "82784000",
        "Operating Expenses": "184227000",
        "Operating Income": "14834000",
        "Interest Expense": "22737000",
        "Earnings before Tax": "-26140000",
        "Income Tax Expense": "-5509000",
        "Net Income - Non-Controlling int": "",
        "Net Income - Discontinued ops": "",
        "Net Income": "-20631000",
        "Preferred Dividends": "",
        "Net Income Com": "-20631000",
        "EPS": "-0.57",
        "EPS Diluted": "-0.57",
        "Weighted Average Shs Out": "36428000",
        "Weighted Average Shs Out (Dil)": "36428000",
        "Dividend per Share": "",
        "Gross Margin": "0.6728278214",
        "EBITDA Margin": "0.1361308798",
        "EBIT Margin": "",
        "Profit Margin": "0.0449997877",
        "Free Cash Flow margin": "",
        "EBITDA": "29738000",
        "EBIT": "14834000",
        "Consolidated Income": "",
        "Earnings Before Tax Margin": "-0.0792971855",
        "Net Profit Margin": "-0.0625853188"
      },
      {
        "date": "2019-09-30",
        "Revenue": "306498000",
        "Revenue Growth": "",
        "Cost of Revenue": "98925000",
        "Gross Profit": "207573000",
        "R&D Expenses": "93061000",
        "SG&A Expense": "62579000",
        "Operating Expenses": "168164000",
        "Operating Income": "64757000",
        "Interest Expense": "0",
        "Earnings before Tax": "14424000",
        "Income Tax Expense": "-87656000",
        "Net Income - Non-Controlling int": "",
        "Net Income - Discontinued ops": "",
        "Net Income": "102080000",
        "Preferred Dividends": "",
        "Net Income Com": "102080000",
        "EPS": "2.75",
        "EPS Diluted": "2.75",
        "Weighted Average Shs Out": "36398349",
        "Weighted Average Shs Out (Dil)": "36398349",
        "Dividend per Share": "",
        "Gross Margin": "0.6772409608",
        "EBITDA Margin": "0.3053886159",
        "EBIT Margin": "",
        "Profit Margin": "0.2112803346",
        "Free Cash Flow margin": "",
        "EBITDA": "40050000",
        "EBIT": "64757000",
        "Consolidated Income": "",
        "Earnings Before Tax Margin": "0.047060666",
        "Net Profit Margin": "0.3330527442"
      },
      {
        "date": "2018-09-30",
        "Revenue": "276984000",
        "Revenue Growth": "",
        "Cost of Revenue": "82964000",
        "Gross Profit": "194020000",
        "R&D Expenses": "80957000",
        "SG&A Expense": "50426000",
        "Operating Expenses": "140223000",
        "Operating Income": "36852000",
        "Interest Expense": "0",
        "Earnings before Tax": "36798000",
        "Income Tax Expense": "30917000",
        "Net Income - Non-Controlling int": "",
        "Net Income - Discontinued ops": "",
        "Net Income": "5881000",
        "Preferred Dividends": "",
        "Net Income Com": "5881000",
        "EPS": "0.16",
        "EPS Diluted": "0.16",
        "Weighted Average Shs Out": "36385336",
        "Weighted Average Shs Out (Dil)": "36385336",
        "Dividend per Share": "",
        "Gross Margin": "0.7004736736",
        "EBITDA Margin": "0.3484208474",
        "EBIT Margin": "",
        "Profit Margin": "0.1330473962",
        "Free Cash Flow margin": "",
        "EBITDA": "62563000",
        "EBIT": "36852000",
        "Consolidated Income": "",
        "Earnings Before Tax Margin": "0.1328524391",
        "Net Profit Margin": "0.0212322733"
      },
      {
        "date": "2017-09-30",
        "Revenue": "244729000",
        "Revenue Growth": "",
        "Cost of Revenue": "68534000",
        "Gross Profit": "176195000",
        "R&D Expenses": "56755000",
        "SG&A Expense": "47394000",
        "Operating Expenses": "109912000",
        "Operating Income": "63685000",
        "Interest Expense": "0",
        "Earnings before Tax": "63202000",
        "Income Tax Expense": "15926000",
        "Net Income - Non-Controlling int": "",
        "Net Income - Discontinued ops": "",
        "Net Income": "47276000",
        "Preferred Dividends": "",
        "Net Income Com": "47276000",
        "EPS": "1.3",
        "EPS Diluted": "1.3",
        "Weighted Average Shs Out": "36385336",
        "Weighted Average Shs Out (Dil)": "36385336",
        "Dividend per Share": "",
        "Gross Margin": "0.7199596288",
        "EBITDA Margin": "0.3618287984",
        "EBIT Margin": "",
        "Profit Margin": "0.260226618",
        "Free Cash Flow margin": "",
        "EBITDA": "85952000",
        "EBIT": "63685000",
        "Consolidated Income": "",
        "Earnings Before Tax Margin": "0.2582530064",
        "Net Profit Margin": "0.1931769427"
      },
      {
        "date": "2016-09-30",
        "Revenue": "211136000",
        "Revenue Growth": "",
        "Cost of Revenue": "60566000",
        "Gross Profit": "150570000",
        "R&D Expenses": "53568000",
        "SG&A Expense": "40953000",
        "Operating Expenses": "100850000",
        "Operating Income": "47793000",
        "Interest Expense": "0",
        "Earnings before Tax": "47258000",
        "Income Tax Expense": "12319000",
        "Net Income - Non-Controlling int": "",
        "Net Income - Discontinued ops": "",
        "Net Income": "34939000",
        "Preferred Dividends": "",
        "Net Income Com": "34939000",
        "EPS": "0.96",
        "EPS Diluted": "0.96",
        "Weighted Average Shs Out": "36385336",
        "Weighted Average Shs Out (Dil)": "36385336",
        "Dividend per Share": "",
        "Gross Margin": "0.7131422401",
        "EBITDA Margin": "0.3381801303",
        "EBIT Margin": "",
        "Profit Margin": "0.2263612079",
        "Free Cash Flow margin": "",
        "EBITDA": "67013000",
        "EBIT": "47793000",
        "Consolidated Income": "",
        "Earnings Before Tax Margin": "0.2238272962",
        "Net Profit Margin": "0.165481017"
      }
    ]
  },
  "balance_sheet": {
    "symbol": "CRNC",
    "financials": [
      {
        "date": "2024-09-30",
        "Cash and cash equivalents": "121485000",
        "Short-term investments": "5502000",
        "Cash and short-term investments": "126987000",
        "Receivables": "62755000",
        "Inventories": "0",
        "Total current assets": "265509000",
        "Property, Plant & Equipment Net": "43018000",
        "Goodwill and Intangible Assets": "298564000",
        "Long-term investments": "0",
        "Tax assets": "3668000",
        "Total non-current assets": "436849000",
        "Total assets": "702358000",
        "Payables": "3959000",
        "Short-term debt": "96150000",
        "Total current liabilities": "216808000",
        "Long-term debt": "17606000",
        "Total debt": "100425000",
        "Deferred revenue": "0",
        "Tax Liabilities": "0",
        "Deposit Liabilities": "",
        "Total non-current liabilities": "344453000",
        "Total liabilities": "561261000",
        "Other comprehensive income": "-25912000",
        "Retained earnings (deficit)": "-921740000",
        "Total shareholders equity": "141097000",
        "Investments": "5502000",
        "Net Debt": "-21060000",
        "Other Assets": "75767000",
        "Other Liabilities": "51153000"
      },
      {
        "date": "2023-09-30",
        "Cash and cash equivalents": "101154000",
        "Short-term investments": "9211000",
        "Cash and short-term investments": "110365000",
        "Receivables": "61270000",
        "Inventories": "0",
        "Total current assets": "225727000",
        "Property, Plant & Equipment Net": "45974000",
        "Goodwill and Intangible Assets": "904217000",
        "Long-term investments": "10607000",
        "Tax assets": "7384000",
        "Total non-current assets": "1071863000",
        "Total assets": "1297590000",
        "Payables": "16873000",
        "Short-term debt": "5871000",
        "Total current liabilities": "148093000",
        "Long-term debt": "284306000",
        "Total debt": "289332000",
        "Deferred revenue": "145531000",
        "Tax Liabilities": "0",
        "Deposit Liabilities": "",
        "Total non-current liabilities": "454622000",
        "Total liabilities": "602715000",
        "Other comprehensive income": "-27966000",
        "Retained earnings (deficit)": "-333662000",
        "Total shareholders equity": "694875000",
        "Investments": "19818000",
        "Net Debt": "188178000",
        "Other Assets": "7412000",
        "Other Liabilities": "40897000"
      },
      {
        "date": "2022-09-30",
        "Cash and cash equivalents": "94847000",
        "Short-term investments": "20317000",
        "Cash and short-term investments": "115164000",
        "Receivables": "45073000",
        "Inventories": "-1",
        "Total current assets": "227519000",
        "Property, Plant & Equipment Net": "52409000",
        "Goodwill and Intangible Assets": "900502000",
        "Long-term investments": "11584000",
        "Tax assets": "4598000",
        "Total non-current assets": "1090974000",
        "Total assets": "1318493000",
        "Payables": "10372000",
        "Short-term debt": "16450000",
        "Total current liabilities": "147033000",
        "Long-term debt": "270811000",
        "Total debt": "286820000",
        "Deferred revenue": "165972000",
        "Tax Liabilities": "0",
        "Deposit Liabilities": "",
        "Total non-current liabilities": "458510000",
        "Total liabilities": "605543000",
        "Other comprehensive income": "-33737000",
        "Retained earnings (deficit)": "-283249000",
        "Total shareholders equity": "712950000",
        "Investments": "31901000",
        "Net Debt": "191973000",
        "Other Assets": "67282000",
        "Other Liabilities": "42951000"
      },
      {
        "date": "2021-09-30",
        "Cash and cash equivalents": "128428000",
        "Short-term investments": "30435000",
        "Cash and short-term investments": "158863000",
        "Receivables": "45560000",
        "Inventories": "0",
        "Total current assets": "287048000",
        "Property, Plant & Equipment Net": "46406000",
        "Goodwill and Intangible Assets": "1153859000",
        "Long-term investments": "7339000",
        "Tax assets": "8574000",
        "Total non-current assets": "1418680000",
        "Total assets": "1705728000",
        "Payables": "11636000",
        "Short-term debt": "11242000",
        "Total current liabilities": "165309000",
        "Long-term debt": "277309000",
        "Total debt": "288121000",
        "Deferred revenue": "198343000",
        "Tax Liabilities": "26921000",
        "Deposit Liabilities": "",
        "Total non-current liabilities": "508474000",
        "Total liabilities": "673783000",
        "Other comprehensive income": "1634000",
        "Retained earnings (deficit)": "27577000",
        "Total shareholders equity": "1031945000",
        "Investments": "37774000",
        "Net Debt": "159693000",
        "Other Assets": "82625000",
        "Other Liabilities": "55463000"
      },
      {
        "date": "2020-09-30",
        "Cash and cash equivalents": "136067000",
        "Short-term investments": "11662000",
        "Cash and short-term investments": "147729000",
        "Receivables": "49943000",
        "Inventories": "1",
        "Total current assets": "249148000",
        "Property, Plant & Equipment Net": "49625000",
        "Goodwill and Intangible Assets": "1173814000",
        "Long-term investments": "38161000",
        "Tax assets": "14688000",
        "Total non-current assets": "1438297000",
        "Total assets": "1687445000",
        "Payables": "8447000",
        "Short-term debt": "12221000",
        "Total current liabilities": "200774000",
        "Long-term debt": "285781000",
        "Total debt": "296643000",
        "Deferred revenue": "212573000",
        "Tax Liabilities": "29874000",
        "Deposit Liabilities": "",
        "Total non-current liabilities": "528915000",
        "Total liabilities": "729689000",
        "Other comprehensive income": "3711000",
        "Retained earnings (deficit)": "-20631000",
        "Total shareholders equity": "957756000",
        "Investments": "11662000",
        "Net Debt": "160576000",
        "Other Assets": "51476000",
        "Other Liabilities": "163275000"
      },
      {
        "date": "2019-09-30",
        "Cash and cash equivalents": "0",
        "Short-term investments": "0",
        "Cash and short-term investments": "0",
        "Receivables": "65787000",
        "Inventories": "0",
        "Total current assets": "92325000",
        "Property, Plant & Equipment Net": "20113000",
        "Goodwill and Intangible Assets": "1184890000",
        "Long-term investments": "32428000",
        "Tax assets": "219000",
        "Total non-current assets": "1391504000",
        "Total assets": "1483829000",
        "Payables": "16687000",
        "Short-term debt": "0",
        "Total current liabilities": "129114000",
        "Long-term debt": "0",
        "Total debt": "0",
        "Deferred revenue": "265051000",
        "Tax Liabilities": "1360000",
        "Deposit Liabilities": "",
        "Total non-current liabilities": "286587000",
        "Total liabilities": "415701000",
        "Other comprehensive income": "-28999000",
        "Retained earnings (deficit)": "0",
        "Total shareholders equity": "1068128000",
        "Investments": "32428000",
        "Net Debt": "0",
        "Other Assets": "26538000",
        "Other Liabilities": "23975000"
      },
      {
        "date": "2018-09-30",
        "Cash and cash equivalents": "0",
        "Short-term investments": "0",
        "Cash and short-term investments": "0",
        "Receivables": "72084000",
        "Inventories": "0",
        "Total current assets": "82967000",
        "Property, Plant & Equipment Net": "13406000",
        "Goodwill and Intangible Assets": "1204758000",
        "Long-term investments": "44238000",
        "Tax assets": "1472000",
        "Total non-current assets": "1314581000",
        "Total assets": "1397548000",
        "Payables": "6510000",
        "Short-term debt": "0",
        "Total current liabilities": "121806000",
        "Long-term debt": "0",
        "Total debt": "0",
        "Deferred revenue": "263787000",
        "Tax Liabilities": "11638000",
        "Deposit Liabilities": "",
        "Total non-current liabilities": "282423000",
        "Total liabilities": "404229000",
        "Other comprehensive income": "-23957000",
        "Retained earnings (deficit)": "0",
        "Total shareholders equity": "993319000",
        "Investments": "44238000",
        "Net Debt": "0",
        "Other Assets": "10883000",
        "Other Liabilities": "28962000"
      },
      {
        "date": "2017-09-30",
        "Cash and cash equivalents": "0",
        "Short-term investments": "0",
        "Cash and short-term investments": "0",
        "Receivables": "74019000",
        "Inventories": "0",
        "Total current assets": "80807000",
        "Property, Plant & Equipment Net": "13305000",
        "Goodwill and Intangible Assets": "1126111000",
        "Long-term investments": "48282000",
        "Tax assets": "811000",
        "Total non-current assets": "1254945000",
        "Total assets": "1335752000",
        "Payables": "5525000",
        "Short-term debt": "0",
        "Total current liabilities": "94406000",
        "Long-term debt": "0",
        "Total debt": "0",
        "Deferred revenue": "233435000",
        "Tax Liabilities": "2148000",
        "Deposit Liabilities": "",
        "Total non-current liabilities": "244167000",
        "Total liabilities": "338573000",
        "Other comprehensive income": "-22613000",
        "Retained earnings (deficit)": "0",
        "Total shareholders equity": "997179000",
        "Investments": "48282000",
        "Net Debt": "0",
        "Other Assets": "6788000",
        "Other Liabilities": "21323000"
      },
      {
        "date": "2016-09-30",
        "Cash and cash equivalents": "0",
        "Short-term investments": "0",
        "Cash and short-term investments": "0",
        "Receivables": "55161000",
        "Inventories": "0",
        "Total current assets": "59158000",
        "Property, Plant & Equipment Net": "15575000",
        "Goodwill and Intangible Assets": "1128986000",
        "Long-term investments": "39610000",
        "Tax assets": "509000",
        "Total non-current assets": "1233882000",
        "Total assets": "1293040000",
        "Payables": "6475000",
        "Short-term debt": "0",
        "Total current liabilities": "79640000",
        "Long-term debt": "0",
        "Total debt": "0",
        "Deferred revenue": "191800000",
        "Tax Liabilities": "2420000",
        "Deposit Liabilities": "",
        "Total non-current liabilities": "202010000",
        "Total liabilities": "281650000",
        "Other comprehensive income": "-31093000",
        "Retained earnings (deficit)": "0",
        "Total shareholders equity": "1011390000",
        "Investments": "39610000",
        "Net Debt": "0",
        "Other Assets": "3997000",
        "Other Liabilities": "21041000"
      }
    ]
  },
  "cash_flow": {
    "symbol": "CRNC",
    "financials": [
      {
        "date": "2024-09-30",
        "Depreciation & Amortization": "10630000",
        "Stock-based compensation": "0",
        "Operating Cash Flow": "17196000",
        "Capital Expenditure": "-4996000",
        "Acquisitions and disposals": "0",
        "Investment purchases and sales": "-4996000",
        "Investing Cash flow": "4379000",
        "Issuance (repayment) of debt": "-392000",
        "Issuance (buybacks) of shares": "0",
        "Dividend payments": "0",
        "Financing Cash Flow": "225000",
        "Effect of forex changes on cash": "-1469000",
        "Net cash flow / Change in cash": "",
        "Free Cash Flow": "12200000",
        "Net Cash/Marketcap": ""
      },
      {
        "date": "2023-09-30",
        "Depreciation & Amortization": "16038000",
        "Stock-based compensation": "40766000",
        "Operating Cash Flow": "7498000",
        "Capital Expenditure": "-5124000",
        "Acquisitions and disposals": "0",
        "Investment purchases and sales": "-5124000",
        "Investing Cash flow": "5820000",
        "Issuance (repayment) of debt": "11111000",
        "Issuance (buybacks) of shares": "-4894000",
        "Dividend payments": "0",
        "Financing Cash Flow": "-5334000",
        "Effect of forex changes on cash": "-1677000",
        "Net cash flow / Change in cash": "",
        "Free Cash Flow": "2374000",
        "Net Cash/Marketcap": ""
      },
      {
        "date": "2022-09-30",
        "Depreciation & Amortization": "23939000",
        "Stock-based compensation": "28076000",
        "Operating Cash Flow": "-2138000",
        "Capital Expenditure": "-17446000",
        "Acquisitions and disposals": "-584000",
        "Investment purchases and sales": "-17446000",
        "Investing Cash flow": "-10565000",
        "Issuance (repayment) of debt": "-6665000",
        "Issuance (buybacks) of shares": "-49003000",
        "Dividend payments": "0",
        "Financing Cash Flow": "-19606000",
        "Effect of forex changes on cash": "-1272000",
        "Net cash flow / Change in cash": "",
        "Free Cash Flow": "-19584000",
        "Net Cash/Marketcap": ""
      },
      {
        "date": "2021-09-30",
        "Depreciation & Amortization": "29661000",
        "Stock-based compensation": "60555000",
        "Operating Cash Flow": "74389000",
        "Capital Expenditure": "-12047000",
        "Acquisitions and disposals": "-2563000",
        "Investment purchases and sales": "-12047000",
        "Investing Cash flow": "-41631000",
        "Issuance (repayment) of debt": "-6738000",
        "Issuance (buybacks) of shares": "-45769000",
        "Dividend payments": "0",
        "Financing Cash Flow": "-41505000",
        "Effect of forex changes on cash": "1108000",
        "Net cash flow / Change in cash": "",
        "Free Cash Flow": "62342000",
        "Net Cash/Marketcap": ""
      },
      {
        "date": "2020-09-30",
        "Depreciation & Amortization": "30041000",
        "Stock-based compensation": "47285000",
        "Operating Cash Flow": "44789000",
        "Capital Expenditure": "-19012000",
        "Acquisitions and disposals": "0",
        "Investment purchases and sales": "-19012000",
        "Investing Cash flow": "-30675000",
        "Issuance (repayment) of debt": "276020000",
        "Issuance (buybacks) of shares": "-9369000",
        "Dividend payments": "-152978000",
        "Financing Cash Flow": "121553000",
        "Effect of forex changes on cash": "400000",
        "Net cash flow / Change in cash": "",
        "Free Cash Flow": "25777000",
        "Net Cash/Marketcap": ""
      },
      {
        "date": "2019-09-30",
        "Depreciation & Amortization": "28844000",
        "Stock-based compensation": "29682000",
        "Operating Cash Flow": "88071000",
        "Capital Expenditure": "-4517000",
        "Acquisitions and disposals": "0",
        "Investment purchases and sales": "-4517000",
        "Investing Cash flow": "-4517000",
        "Issuance (repayment) of debt": "0",
        "Issuance (buybacks) of shares": "0",
        "Dividend payments": "0",
        "Financing Cash Flow": "-83554000",
        "Effect of forex changes on cash": "0",
        "Net cash flow / Change in cash": "",
        "Free Cash Flow": "83554000",
        "Net Cash/Marketcap": ""
      },
      {
        "date": "2018-09-30",
        "Depreciation & Amortization": "25765000",
        "Stock-based compensation": "22043000",
        "Operating Cash Flow": "115259000",
        "Capital Expenditure": "-6510000",
        "Acquisitions and disposals": "-79802000",
        "Investment purchases and sales": "-6510000",
        "Investing Cash flow": "-86312000",
        "Issuance (repayment) of debt": "0",
        "Issuance (buybacks) of shares": "0",
        "Dividend payments": "0",
        "Financing Cash Flow": "-28947000",
        "Effect of forex changes on cash": "0",
        "Net cash flow / Change in cash": "",
        "Free Cash Flow": "108749000",
        "Net Cash/Marketcap": ""
      },
      {
        "date": "2017-09-30",
        "Depreciation & Amortization": "19669000",
        "Stock-based compensation": "19794000",
        "Operating Cash Flow": "96784000",
        "Capital Expenditure": "-4714000",
        "Acquisitions and disposals": "0",
        "Investment purchases and sales": "-4714000",
        "Investing Cash flow": "-4714000",
        "Issuance (repayment) of debt": "0",
        "Issuance (buybacks) of shares": "0",
        "Dividend payments": "0",
        "Financing Cash Flow": "-92070000",
        "Effect of forex changes on cash": "0",
        "Net cash flow / Change in cash": "",
        "Free Cash Flow": "92070000",
        "Net Cash/Marketcap": ""
      },
      {
        "date": "2016-09-30",
        "Depreciation & Amortization": "19755000",
        "Stock-based compensation": "18594000",
        "Operating Cash Flow": "113916000",
        "Capital Expenditure": "-8294000",
        "Acquisitions and disposals": "0",
        "Investment purchases and sales": "-8294000",
        "Investing Cash flow": "-8294000",
        "Issuance (repayment) of debt": "0",
        "Issuance (buybacks) of shares": "0",
        "Dividend payments": "0",
        "Financing Cash Flow": "-105622000",
        "Effect of forex changes on cash": "0",
        "Net cash flow / Change in cash": "",
        "Free Cash Flow": "105622000",
        "Net Cash/Marketcap": ""
      }
    ]
  },
  "ratios": [],
  "quote": [
    {
      "symbol": "CRNC",
      "name": "Cerence Inc.",
      "price": 7.93,
      "changesPercentage": 1.0191,
      "change": 0.08,
      "dayLow": 7.58,
      "dayHigh": 8.43,
      "yearHigh": 21.665,
      "yearLow": 2.34,
      "marketCap": 340898012,
      "priceAvg50": 5.5314,
      "priceAvg200": 5.459925,
      "exchange": "NASDAQ",
      "volume": 1625075,
      "avgVolume": 3317656,
      "open": 7.98,
      "previousClose": 7.85,
      "eps": -14.12,
      "pe": -0.56,
      "earningsAnnouncement": "2025-02-04T12:00:00.000+0000",
      "sharesOutstanding": 42988400,
      "timestamp": 1735851601
    }
  ],
  "sector_performance": [
    {
      "sector": "Materials",
      "changesPercentage": "-1.58704%"
    },
    {
      "sector": "Communication Services",
      "changesPercentage": "0.43377%"
    },
    {
      "sector": "Consumer Cyclical",
      "changesPercentage": "-1.13309%"
    },
    {
      "sector": "Consumer Defensive",
      "changesPercentage": "-0.57648%"
    },
    {
      "sector": "Energy",
      "changesPercentage": "1.3429%"
    },
    {
      "sector": "Financials",
      "changesPercentage": "-0.77233%"
    },
    {
      "sector": "Health Care",
      "changesPercentage": "-0.16825%"
    },
    {
      "sector": "Industrials",
      "changesPercentage": "-1.31638%"
    },
    {
      "sector": "Real Estate",
      "changesPercentage": "0.21621%"
    },
    {
      "sector": "Information Technology",
      "changesPercentage": "-1.13146%"
    },
    {
      "sector": "Utilities",
      "changesPercentage": "3.94311%"
    }
  ],
  "macro_data": []
}